<?xml version="1.0" encoding="UTF-8"?><collection xmlns="http://www.loc.gov/MARC21/slim"><record><leader>00383nam--2200133-i-4500</leader><controlfield tag="001">000012557</controlfield><controlfield tag="002">20161230</controlfield><controlfield tag="005">20161230201029</controlfield><controlfield tag="008">060222s1000------------r-----000-0-eng-d</controlfield><datafield ind1=" " ind2=" " tag="080"><subfield code="a">167/168:001.5</subfield></datafield><datafield ind1=" " ind2=" " tag="100"><subfield code="a">Botez, Angela (Coordonator)</subfield></datafield><datafield ind1=" " ind2=" " tag="245"><subfield code="a">Euristica si structura in stiinta</subfield></datafield><datafield ind1=" " ind2=" " tag="260"><subfield code="a">Bucuresti, Editura Academiei Republicii Socia Liste Romania, 1978 205 P</subfield></datafield><datafield ind1=" " ind2=" " tag="852"><subfield code="a">45659</subfield></datafield></record></collection>